%% This BibTeX bibliography file was created using BibDesk.
%% https://bibdesk.sourceforge.io/

%% Created for Thibault Bertrand at 2024-02-01 23:55:18 +0000 


%% Saved with string encoding Unicode (UTF-8) 

@book{fraleigh,
       title     = {A First Course in Abstract Algebra},
       author    = {John B. Fraleigh},
       publisher = {Addison-Wesley},
       year      = {1982},
       edition   = {7},
       address   = {Boston}
     }

@book{liebeck2019concise,
  title={A Concise Introduction to Pure Mathematics},
  author={Liebeck, Martin},
  edition={4th},
  year={2019},
  publisher={CRC Press},
  address={Boca Raton, FL}
}

@book {Humphreys1990,
    AUTHOR = {Humphreys, James E.},
     TITLE = {Reflection groups and {C}oxeter groups},
    SERIES = {Cambridge Studies in Advanced Mathematics},
    VOLUME = {29},
 PUBLISHER = {Cambridge University Press, Cambridge},
      YEAR = {1990},
     PAGES = {xii+204},
      ISBN = {0-521-37510-X},
   MRCLASS = {20-02 (20F32 20F55 20G15 20H15)},
  MRNUMBER = {1066460},
MRREVIEWER = {Louis\ Solomon},
       DOI = {10.1017/CBO9780511623646},
       URL = {https://doi.org/10.1017/CBO9780511623646},
}

@book {Berger2009,
    AUTHOR = {Berger, Marcel},
     TITLE = {Geometry {I}},
    SERIES = {Universitext},
      NOTE = {Translated from the 1977 French original by M. Cole and S.
              Levy,
              Fourth printing of the 1987 English translation [MR0882541]},
 PUBLISHER = {Springer-Verlag, Berlin},
      YEAR = {2009},
     PAGES = {xiv+428},
      ISBN = {978-3-540-11658-5},
   MRCLASS = {51-01 (51-02)},
  MRNUMBER = {2724360},
}

@book {AbramenkoBrown2008,
    author = {Peter Abramenko and Kenneth S. Brown},
    title = {Buildings: Theory and Applications},
    series = {Graduate Texts in Mathematics},
    publisher = {Speinger},
    year = {2008},
    doi = {10.1007/978-0-387-78835-7},
    ISBN = {978-0-387-78834-0},
    url = {https://doi.org/10.1007/978-0-387-78835-7},
    pages = {xxii+754}
}

@article {MuhlherrPaoliniShelah2022,
    author = {Bernhard M\"{u}hlherr and Gianluca Paolini and Saharon Shelah},
    title = {First-order aspects of Coxeter groups},
    journal = {Journal of Algebra},
    Volume = {595},
    pages = {297--346},
    year = {2022},
    doi = {10.1016/j.jalgebra.2021.12.033}
}

@book {Marker2024,
  author = {David Marker},
  title = {An Invitation to Mathematical Logic},
  series = {Graduate Texts in Mathematics},
  publisher = {Springer Cham},
  year = {2024},
  isbn = {978-3-031-55367-7},
  doi = {10.1007/978-3-031-55368-4},
  pages = {XVIII + 357},
  url = {https://doi.org/10.1007/978-3-031-55368-4},
}

@book {Coxeter1973,
    author = {H. S. M. Coxeter},
    title = {Regular Polytopes},
    series = {Graduate Texts in Mathematics},
    publisher = {Dover Publications},
    year = {1973},
    edition = {3rd},
    ISBN = {0-486-61480-8},
}

@book {Bourbaki,
    author = {N.Bourbaki},
    title = {Lie Groups and Lie Algebra,chapter 4},
    publisher = {Springer Cham},
    year = {2002},
    ISBM = {978-3-540-69171-6},
}

@book {Davis,
    author = {Michael W. Davis},
    title = {The Geometry and Topology of Coxeter Groups},
    publisher = {Princeton University Press},
    year = {2008}
}